 @misc{ine_ipc,
 title={Gráficos IPC},
 url={https://www.ine.gob.bo/index.php/graficos-ipc/},
 journal={INE},
 year={2020},
 month={Apr}
 }
 @book{est_book, place={Lima}, title={Estadística: descriptiva e inferencial}, publisher={Moshera}, author={Zamora Córdova Manuel}, year={2003}}
@article{intro_gm,
  title={Introduction to Grey system theory},
  author={J. L. Deng},
  journal={Journal of Grey System},
  year={1989},
  volume={1},
  pages={1-24}
}
@article{grey_fcm,
title = {New grey forecasting model with its application and computer code},
journal = {AIMS Mathematics},
volume = {6},
number = {2},
pages = {1497-1514},
year = {2021},
issn = {2473-6988},
doi = {10.3934/math.2021091},
url = {https://www.aimspress.com/article/doi/10.3934/math.2021091},
author = {Halis Bilgil},
keywords = {grey systems, COVID-19 predictions, grey forecasting model, least squares method},
}
 @article{verl_model, title={Mathematical development and evaluation of forecasting models for accuracy of inflation in developing countries: A case of Vietnam}, volume={2015}, DOI={10.1155/2015/858157}, journal={Discrete Dynamics in Nature and Society}, author={Nguyen, Nhu-Ty and Tran, Thanh-Tuyen}, year={2015}, month={Jun}, pages={1–14}}
